%% This BibTeX bibliography file was created using BibDesk.
%% http://bibdesk.sourceforge.net/

%% Created for Lin,Tzu-Heng at 2017-01-27 20:11:06 +0800 


%% Saved with string encoding Unicode (UTF-8) 



@book{neal2012bayesian,
	Author = {Neal, Radford M},
	Date-Added = {2017-01-27 12:11:00 +0000},
	Date-Modified = {2017-01-27 12:11:05 +0000},
	Keywords = {ARD2},
	Publisher = {Springer Science \& Business Media},
	Title = {Bayesian learning for neural networks},
	Volume = {118},
	Year = {2012}}

@incollection{mackay1996bayesian,
	Author = {MacKay, David JC},
	Booktitle = {Models of neural networks III},
	Date-Added = {2017-01-27 12:10:47 +0000},
	Date-Modified = {2017-01-27 12:10:55 +0000},
	Keywords = {ARD1},
	Pages = {211--254},
	Publisher = {Springer},
	Title = {Bayesian methods for backpropagation networks},
	Year = {1996}}

@article{fukunaga1989leave,
	Author = {Fukunaga, Keinosuke and Hummels, Donald M.},
	Date-Added = {2017-01-27 09:22:27 +0000},
	Date-Modified = {2017-01-27 09:22:31 +0000},
	Journal = {IEEE Transactions on Pattern Analysis and Machine Intelligence},
	Keywords = {L00},
	Number = {4},
	Pages = {421--423},
	Publisher = {IEEE},
	Title = {Leave-one-out procedures for nonparametric error estimates},
	Volume = {11},
	Year = {1989}}

@incollection{williams1998prediction,
	Author = {Williams, Christopher KI},
	Booktitle = {Learning in graphical models},
	Date-Added = {2017-01-27 07:31:55 +0000},
	Date-Modified = {2017-01-27 07:32:02 +0000},
	Keywords = {GPR},
	Pages = {599--621},
	Publisher = {Springer},
	Title = {Prediction with Gaussian processes: From linear regression to linear prediction and beyond},
	Year = {1998}}

@book{hastie1990generalized,
	Author = {Hastie, Trevor J and Tibshirani, Robert J},
	Date-Added = {2017-01-27 04:05:38 +0000},
	Date-Modified = {2017-01-27 04:05:43 +0000},
	Keywords = {GAM},
	Publisher = {CRC press},
	Title = {Generalized additive models},
	Volume = {43},
	Year = {1990}}

@article{schwarz1978estimating,
	Author = {Schwarz, Gideon and others},
	Date-Added = {2017-01-25 16:03:42 +0000},
	Date-Modified = {2017-01-25 16:03:47 +0000},
	Journal = {The annals of statistics},
	Keywords = {BIC},
	Number = {2},
	Pages = {461--464},
	Publisher = {Institute of Mathematical Statistics},
	Title = {Estimating the dimension of a model},
	Volume = {6},
	Year = {1978}}

@article{blumer1987occam,
	Author = {Blumer, Anselm and Ehrenfeucht, Andrzej and Haussler, David and Warmuth, Manfred K},
	Date-Added = {2017-01-25 16:02:35 +0000},
	Date-Modified = {2017-01-25 16:02:52 +0000},
	Journal = {Information processing letters},
	Keywords = {marginalLik},
	Number = {6},
	Pages = {377--380},
	Publisher = {Elsevier},
	Title = {Occam's razor},
	Volume = {24},
	Year = {1987}}

@inproceedings{duvenaud2011additive,
	Author = {Duvenaud, David K and Nickisch, Hannes and Rasmussen, Carl E},
	Booktitle = {Advances in neural information processing systems},
	Date-Added = {2017-01-25 15:39:04 +0000},
	Date-Modified = {2017-01-25 15:39:12 +0000},
	Keywords = {AddGauss},
	Pages = {226--234},
	Title = {Additive gaussian processes},
	Year = {2011}}

@phdthesis{duvenaud2014automatic,
	Author = {Duvenaud, David},
	Date-Added = {2017-01-25 07:54:08 +0000},
	Date-Modified = {2017-01-25 07:54:12 +0000},
	Keywords = {ABCD3},
	School = {University of Cambridge},
	Title = {Automatic model construction with Gaussian processes},
	Year = {2014}}

@article{lloyd2014automatic,
	Author = {Lloyd, James Robert and Duvenaud, David and Grosse, Roger and Tenenbaum, Joshua B and Ghahramani, Zoubin},
	Date-Added = {2017-01-25 07:53:12 +0000},
	Date-Modified = {2017-01-25 07:53:16 +0000},
	Journal = {arXiv preprint arXiv:1402.4304},
	Keywords = {ABCD2},
	Title = {Automatic construction and natural-language description of nonparametric regression models},
	Year = {2014}}

@inproceedings{duvenaud2013structure,
	Author = {Duvenaud, David K and Lloyd, James Robert and Grosse, Roger B and Tenenbaum, Joshua B and Ghahramani, Zoubin},
	Booktitle = {ICML (3)},
	Date-Added = {2017-01-25 07:52:46 +0000},
	Date-Modified = {2017-01-25 07:52:52 +0000},
	Keywords = {ABCD1},
	Pages = {1166--1174},
	Title = {Structure Discovery in Nonparametric Regression through Compositional Kernel Search.},
	Year = {2013}}

@article{tierney1986accurate,
	Author = {Tierney, Luke and Kadane, Joseph B},
	Date-Added = {2017-01-25 07:15:27 +0000},
	Date-Modified = {2017-01-25 07:15:34 +0000},
	Journal = {Journal of the american statistical association},
	Keywords = {infLaplace},
	Number = {393},
	Pages = {82--86},
	Publisher = {Taylor \& Francis Group},
	Title = {Accurate approximations for posterior moments and marginal densities},
	Volume = {81},
	Year = {1986}}

@inproceedings{minka2001expectation,
	Author = {Minka, Thomas P},
	Booktitle = {Proceedings of the Seventeenth conference on Uncertainty in artificial intelligence},
	Date-Added = {2017-01-25 06:57:51 +0000},
	Date-Modified = {2017-01-25 06:57:58 +0000},
	Keywords = {infEP},
	Organization = {Morgan Kaufmann Publishers Inc.},
	Pages = {362--369},
	Title = {Expectation propagation for approximate Bayesian inference},
	Year = {2001}}

@inproceedings{nickisch2009convex,
	Author = {Nickisch, Hannes and Seeger, Matthias W},
	Booktitle = {Proceedings of the 26th Annual International Conference on Machine Learning},
	Date-Added = {2017-01-25 06:55:55 +0000},
	Date-Modified = {2017-01-25 06:56:02 +0000},
	Keywords = {infVB2},
	Organization = {ACM},
	Pages = {761--768},
	Title = {Convex variational Bayesian inference for large scale generalized linear models},
	Year = {2009}}

@article{palmer2006variational,
	Author = {Palmer, Jason and Wipf, David and Kreutz-Delgado, Kenneth and Rao, Bhaskar},
	Date-Added = {2017-01-25 06:55:25 +0000},
	Date-Modified = {2017-01-25 06:55:30 +0000},
	Journal = {Advances in neural information processing systems},
	Keywords = {infVB1},
	Pages = {1059},
	Publisher = {MIT; 1998},
	Title = {Variational EM algorithms for non-Gaussian latent variable models},
	Volume = {18},
	Year = {2006}}

@article{gamerman1997sampling,
	Author = {Gamerman, Dani},
	Date-Added = {2017-01-25 06:49:01 +0000},
	Date-Modified = {2017-01-25 06:49:11 +0000},
	Journal = {Statistics and Computing},
	Keywords = {infMCMC},
	Number = {1},
	Pages = {57--68},
	Publisher = {Springer},
	Title = {Sampling from the posterior distribution in generalized linear mixed models},
	Volume = {7},
	Year = {1997}}

@article{rasmussen2006gaussian,
	Author = {Rasmussen, Carl Edward},
	Date-Added = {2017-01-25 05:31:32 +0000},
	Date-Modified = {2017-01-25 05:31:38 +0000},
	Keywords = {GaussMachine},
	Publisher = {Citeseer},
	Title = {Gaussian processes for machine learning},
	Year = {2006}}

@article{mccullagh1984generalized,
	Author = {McCullagh, Peter},
	Date-Added = {2017-01-25 03:59:30 +0000},
	Date-Modified = {2017-01-25 03:59:34 +0000},
	Journal = {European Journal of Operational Research},
	Keywords = {GLM},
	Number = {3},
	Pages = {285--292},
	Publisher = {Elsevier},
	Title = {Generalized linear models},
	Volume = {16},
	Year = {1984}}
