%% This BibTeX bibliography file was created using BibDesk.
%% http://bibdesk.sourceforge.net/

%% Created for Lin,Tzu-Heng at 2016-10-30 00:26:11 +0800 


%% Saved with string encoding Unicode (UTF-8) 



@article{roberts1997weak,
	Author = {Roberts, Gareth O and Gelman, Andrew and Gilks, Walter R and others},
	Date-Added = {2016-10-29 15:38:44 +0000},
	Date-Modified = {2016-10-29 15:39:36 +0000},
	Journal = {The annals of applied probability},
	Keywords = {optimal_accepting_rate_1},
	Number = {1},
	Pages = {110--120},
	Publisher = {Institute of Mathematical Statistics},
	Title = {Weak convergence and optimal scaling of random walk Metropolis algorithms},
	Volume = {7},
	Year = {1997}}
