%% This BibTeX bibliography file was created using BibDesk.
%% http://bibdesk.sourceforge.net/

%% Created for Lin,Tzu-Heng at 2016-11-14 12:48:05 +0800 


%% Saved with string encoding Unicode (UTF-8) 



@misc{lecun1998mnist,
	Author = {LeCun, Yann and Cortes, Corinna and Burges, Christopher JC},
	Date-Added = {2016-11-14 04:47:54 +0000},
	Date-Modified = {2016-11-14 04:47:59 +0000},
	Keywords = {MNIST},
	Title = {The MNIST database of handwritten digits},
	Year = {1998}}

@article{hubbard1959calculation,
	Author = {Hubbard, J},
	Date-Added = {2016-11-13 14:00:32 +0000},
	Date-Modified = {2016-11-13 14:00:42 +0000},
	Journal = {Physical Review Letters},
	Keywords = {partitionfunc},
	Number = {2},
	Pages = {77},
	Publisher = {APS},
	Title = {Calculation of partition functions},
	Volume = {3},
	Year = {1959}}

@book{gilks2005markov,
	Author = {Gilks, Walter R},
	Date-Added = {2016-11-13 13:54:32 +0000},
	Date-Modified = {2016-11-13 13:54:47 +0000},
	Keywords = {mcmc},
	Publisher = {Wiley Online Library},
	Title = {Markov chain monte carlo},
	Year = {2005}}

@article{chib1995,
	Author = {Chib, Siddhartha and Greenberg, Edward},
	Date-Added = {2016-11-13 13:44:37 +0000},
	Date-Modified = {2016-11-13 13:46:14 +0000},
	Journal = {The american statistician},
	Keywords = {MHmeaning},
	Number = {4},
	Pages = {327--335},
	Publisher = {Taylor \& Francis Group},
	Title = {Understanding the metropolis-hastings algorithm},
	Volume = {49},
	Year = {1995}}

@incollection{beskos2009,
	Author = {Beskos, Alexandros and Stuart, Andrew},
	Booktitle = {Monte Carlo and Quasi-Monte Carlo Methods 2008},
	Date-Added = {2016-11-13 13:42:09 +0000},
	Date-Modified = {2016-11-13 13:42:32 +0000},
	Keywords = {complexityMH},
	Pages = {61--71},
	Publisher = {Springer},
	Title = {Computational complexity of Metropolis-Hastings methods in high dimensions},
	Year = {2009}}

@article{nonequilibrium,
	Author = {Jarzynski, Christopher},
	Date-Added = {2016-11-13 13:18:08 +0000},
	Date-Modified = {2016-11-13 13:21:04 +0000},
	Journal = {Physical Review Letters},
	Keywords = {weakAIS},
	Number = {14},
	Pages = {2690},
	Publisher = {APS},
	Title = {Nonequilibrium equality for free energy differences},
	Volume = {78},
	Year = {1997}}

@book{mackay2003information,
	Author = {MacKay, David JC},
	Date-Added = {2016-11-13 10:35:30 +0000},
	Date-Modified = {2016-11-13 10:35:41 +0000},
	Keywords = {SISweakness},
	Publisher = {Cambridge university press},
	Title = {Information theory, inference and learning algorithms},
	Year = {2003}}

@article{acemoglu2011political,
	Author = {Acemoglu, Daron and Egorov, Georgy and Sonin, Konstantin},
	Date-Added = {2016-11-13 05:49:14 +0000},
	Date-Modified = {2016-11-13 05:49:20 +0000},
	Journal = {Proceedings of the National Academy of Sciences},
	Keywords = {social science},
	Number = {Supplement 4},
	Pages = {21292--21296},
	Publisher = {National Acad Sciences},
	Title = {Political model of social evolution},
	Volume = {108},
	Year = {2011}}

@article{page1999pagerank,
	Author = {Page, Lawrence and Brin, Sergey and Motwani, Rajeev and Winograd, Terry},
	Date-Added = {2016-11-13 05:45:53 +0000},
	Date-Modified = {2016-11-13 05:46:00 +0000},
	Keywords = {pagerank},
	Publisher = {Stanford InfoLab},
	Title = {The PageRank citation ranking: bringing order to the web.},
	Year = {1999}}

@article{hamilton1989new,
	Author = {Hamilton, James D},
	Date-Added = {2016-11-13 05:43:02 +0000},
	Date-Modified = {2016-11-13 05:43:08 +0000},
	Journal = {Econometrica: Journal of the Econometric Society},
	Keywords = {economics},
	Pages = {357--384},
	Publisher = {JSTOR},
	Title = {A new approach to the economic analysis of nonstationary time series and the business cycle},
	Year = {1989}}

@article{tan2015optimally,
	Author = {Tan, Zhiqiang},
	Date-Added = {2016-11-13 02:27:43 +0000},
	Date-Modified = {2016-11-13 02:27:47 +0000},
	Journal = {Journal of Computational and Graphical Statistics},
	Keywords = {SAMS},
	Number = {just-accepted},
	Publisher = {Taylor \& Francis},
	Title = {Optimally adjusted mixture sampling and locally weighted histogram analysis},
	Year = {2015}}

@article{neal2001annealed,
	Author = {Neal, Radford M},
	Date-Added = {2016-11-13 02:27:03 +0000},
	Date-Modified = {2016-11-13 02:39:42 +0000},
	Journal = {Statistics and Computing},
	Keywords = {AIS1},
	Number = {2},
	Pages = {125--139},
	Publisher = {Springer},
	Title = {Annealed importance sampling},
	Volume = {11},
	Year = {2001}}

@phdthesis{salakhutdinov2009learning,
	Author = {Salakhutdinov, Ruslan},
	Date-Added = {2016-11-13 02:25:20 +0000},
	Date-Modified = {2016-11-13 02:39:47 +0000},
	Keywords = {AIS2},
	School = {University of Toronto},
	Title = {Learning deep generative models},
	Year = {2009},
	Bdsk-File-1 = {YnBsaXN0MDDUAQIDBAUGJCVYJHZlcnNpb25YJG9iamVjdHNZJGFyY2hpdmVyVCR0b3ASAAGGoKgHCBMUFRYaIVUkbnVsbNMJCgsMDxJXTlMua2V5c1pOUy5vYmplY3RzViRjbGFzc6INDoACgAOiEBGABIAFgAdccmVsYXRpdmVQYXRoWWFsaWFzRGF0YV8QIS4uLy4uLy4uL0Rvd25sb2Fkcy9zY2hvbGFyLTEwLmJpYtIXCxgZV05TLmRhdGFPEQF8AAAAAAF8AAIAAAxNYWNpbnRvc2ggSEQAAAAAAAAAAAAAAAAAAADPlCm7SCsAAAAJM/sOc2Nob2xhci0xMC5iaWIAAAAAAAAAAAAAAAAAAAAAAAAAAAAAAAAAAAAAAAAAAAAAAAAAAAAAAAAAAAAAAAAAAynRVNROiP0AAAAAAAAAAAADAAIAAAkgAAAAAAAAAAAAAAAAAAAACURvd25sb2FkcwAAEAAIAADPk7k7AAAAEQAIAADUThh9AAAAAQAMAAkz+wAJM/gAAmclAAIANE1hY2ludG9zaCBIRDpVc2VyczoAQnJpYW46AERvd25sb2FkczoAc2Nob2xhci0xMC5iaWIADgAeAA4AcwBjAGgAbwBsAGEAcgAtADEAMAAuAGIAaQBiAA8AGgAMAE0AYQBjAGkAbgB0AG8AcwBoACAASABEABIAJFVzZXJzL0JyaWFuL0Rvd25sb2Fkcy9zY2hvbGFyLTEwLmJpYgATAAEvAAAVAAIADP//AACABtIbHB0eWiRjbGFzc25hbWVYJGNsYXNzZXNdTlNNdXRhYmxlRGF0YaMdHyBWTlNEYXRhWE5TT2JqZWN00hscIiNcTlNEaWN0aW9uYXJ5oiIgXxAPTlNLZXllZEFyY2hpdmVy0SYnVHJvb3SAAQAIABEAGgAjAC0AMgA3AEAARgBNAFUAYABnAGoAbABuAHEAcwB1AHcAhACOALIAtwC/Aj8CQQJGAlECWgJoAmwCcwJ8AoECjgKRAqMCpgKrAAAAAAAAAgEAAAAAAAAAKAAAAAAAAAAAAAAAAAAAAq0=}}

@article{carlson2016partition,
	Author = {Carlson, David and Stinson, Patrick and Pakman, Ari and Paninski, Liam},
	Date-Added = {2016-11-13 02:24:02 +0000},
	Date-Modified = {2016-11-13 02:24:10 +0000},
	Journal = {arXiv preprint arXiv:1603.01912},
	Keywords = {RTS},
	Title = {Partition Functions from Rao-Blackwellized Tempered Sampling},
	Year = {2016}}

@inproceedings{gabrie2015training,
	Author = {Gabri{\'e}, Marylou and Tramel, Eric W and Krzakala, Florent},
	Booktitle = {Advances in Neural Information Processing Systems},
	Date-Added = {2016-11-13 02:22:27 +0000},
	Date-Modified = {2016-11-13 02:22:41 +0000},
	Keywords = {TAP},
	Pages = {640--648},
	Title = {Training Restricted Boltzmann Machine via the Thouless-Anderson-Palmer free energy},
	Year = {2015},
	Bdsk-File-1 = {YnBsaXN0MDDUAQIDBAUGJCVYJHZlcnNpb25YJG9iamVjdHNZJGFyY2hpdmVyVCR0b3ASAAGGoKgHCBMUFRYaIVUkbnVsbNMJCgsMDxJXTlMua2V5c1pOUy5vYmplY3RzViRjbGFzc6INDoACgAOiEBGABIAFgAdccmVsYXRpdmVQYXRoWWFsaWFzRGF0YV8QIS4uLy4uLy4uL0Rvd25sb2Fkcy9zY2hvbGFyLTE0LmJpYtIXCxgZV05TLmRhdGFPEQF8AAAAAAF8AAIAAAxNYWNpbnRvc2ggSEQAAAAAAAAAAAAAAAAAAADPlCm7SCsAAAAJM/sOc2Nob2xhci0xNC5iaWIAAAAAAAAAAAAAAAAAAAAAAAAAAAAAAAAAAAAAAAAAAAAAAAAAAAAAAAAAAAAAAAAAAyngVNROkugAAAAAAAAAAAADAAIAAAkgAAAAAAAAAAAAAAAAAAAACURvd25sb2FkcwAAEAAIAADPk7k7AAAAEQAIAADUTiJoAAAAAQAMAAkz+wAJM/gAAmclAAIANE1hY2ludG9zaCBIRDpVc2VyczoAQnJpYW46AERvd25sb2FkczoAc2Nob2xhci0xNC5iaWIADgAeAA4AcwBjAGgAbwBsAGEAcgAtADEANAAuAGIAaQBiAA8AGgAMAE0AYQBjAGkAbgB0AG8AcwBoACAASABEABIAJFVzZXJzL0JyaWFuL0Rvd25sb2Fkcy9zY2hvbGFyLTE0LmJpYgATAAEvAAAVAAIADP//AACABtIbHB0eWiRjbGFzc25hbWVYJGNsYXNzZXNdTlNNdXRhYmxlRGF0YaMdHyBWTlNEYXRhWE5TT2JqZWN00hscIiNcTlNEaWN0aW9uYXJ5oiIgXxAPTlNLZXllZEFyY2hpdmVy0SYnVHJvb3SAAQAIABEAGgAjAC0AMgA3AEAARgBNAFUAYABnAGoAbABuAHEAcwB1AHcAhACOALIAtwC/Aj8CQQJGAlECWgJoAmwCcwJ8AoECjgKRAqMCpgKrAAAAAAAAAgEAAAAAAAAAKAAAAAAAAAAAAAAAAAAAAq0=}}

@article{hinton2006reducing,
	Author = {Hinton, Geoffrey E and Salakhutdinov, Ruslan R},
	Date-Added = {2016-10-29 17:25:13 +0000},
	Date-Modified = {2016-10-29 17:25:35 +0000},
	Journal = {Science},
	Keywords = {Autoencoder},
	Number = {5786},
	Pages = {504--507},
	Publisher = {American Association for the Advancement of Science},
	Title = {Reducing the dimensionality of data with neural networks},
	Volume = {313},
	Year = {2006}}

@misc{mcclelland1987parallel,
	Author = {McClelland, James L and Rumelhart, David E and PDP Research Group and others},
	Date-Added = {2016-10-29 17:23:49 +0000},
	Date-Modified = {2016-10-29 17:23:59 +0000},
	Keywords = {RBM},
	Publisher = {MIT press Cambridge, MA},
	Title = {Parallel distributed processing},
	Year = {1987}}

@article{roberts1997weak,
	Author = {Roberts, Gareth O and Gelman, Andrew and Gilks, Walter R and others},
	Date-Added = {2016-10-29 16:57:07 +0000},
	Date-Modified = {2016-10-29 16:57:51 +0000},
	Journal = {The annals of applied probability},
	Keywords = {Optimal of jumping rate},
	Number = {1},
	Pages = {110--120},
	Publisher = {Institute of Mathematical Statistics},
	Title = {Weak convergence and optimal scaling of random walk Metropolis algorithms},
	Volume = {7},
	Year = {1997}}

@article{metropolis1953equation,
	Author = {Metropolis, Nicholas and Rosenbluth, Arianna W and Rosenbluth, Marshall N and Teller, Augusta H and Teller, Edward},
	Date-Added = {2016-10-29 16:54:54 +0000},
	Date-Modified = {2016-10-29 16:57:22 +0000},
	Journal = {The journal of chemical physics},
	Keywords = {Metopolis},
	Number = {6},
	Pages = {1087--1092},
	Publisher = {AIP Publishing},
	Title = {Equation of state calculations by fast computing machines},
	Volume = {21},
	Year = {1953}}

@article{hastings1970monte,
	Author = {Hastings, W Keith},
	Date-Added = {2016-10-29 16:54:47 +0000},
	Date-Modified = {2016-10-29 16:57:38 +0000},
	Journal = {Biometrika},
	Keywords = {Metropolis Hastings},
	Number = {1},
	Pages = {97--109},
	Publisher = {Biometrika Trust},
	Title = {Monte Carlo sampling methods using Markov chains and their applications},
	Volume = {57},
	Year = {1970}}

@manual{R,
	Address = {Vienna, Austria},
	Author = {{R Core Team}},
	Date-Modified = {2016-11-13 08:48:01 +0000},
	Keywords = {R},
	Organization = {R Foundation for Statistical Computing},
	Title = {R: A Language and Environment for Statistical Computing},
	Url = {https://www.R-project.org/},
	Year = {2016},
	Bdsk-Url-1 = {https://www.R-project.org/}}
